% Encoding: UTF-8

@Book{Favero2017,
  author    = {Fávero, Luiz Paulo and Belfiore, Patrícia},
  publisher = {Elsevier Brasil},
  title     = {Manual de análise de dados: estatística e modelagem multivariada com Excel{\textregistered}, SPSS{\textregistered} e Stata{\textregistered}},
  year      = {2017},
}

